<?xml version="1.0" encoding="UTF-8"?><collection xmlns="http://www.loc.gov/MARC21/slim"><record><leader>00455nam--2200145-i-4500</leader><controlfield tag="001">000008226</controlfield><controlfield tag="002">20161230</controlfield><controlfield tag="005">20161230201027</controlfield><controlfield tag="008">060222s1000------------r-----000-0-eng-d</controlfield><datafield ind1=" " ind2=" " tag="080"><subfield code="a">539.12.01</subfield></datafield><datafield ind1=" " ind2=" " tag="100"><subfield code="a">Bollini, C.G., Giambiagi, J.J. And Tiomno,J</subfield></datafield><datafield ind1=" " ind2=" " tag="245"><subfield code="a">On the covariance of equal time commutators an d sum rules</subfield></datafield><datafield ind1=" " ind2=" " tag="260"><subfield code="a">Rio De Janeiro, Centro Brasilieiro De Pesquisa S Fisicas, 1967. 121-136 P</subfield></datafield><datafield ind1=" " ind2=" " tag="490"><subfield code="a">Nottas De Fisica</subfield></datafield><datafield ind1=" " ind2=" " tag="852"><subfield code="a">13930</subfield></datafield></record></collection>